@ARTICLE{ARTICLE:1,
    AUTHOR="Miguel Castro and Barbara Liskov",
    TITLE="Practical Byzantine Fault Tolerance",
    JOURNAL="SDI. Vol. 99",
    YEAR="1999",
}
@ARTICLE{ARTICLE:2,
    AUTHOR="Diego Ongaro and John Ousterhout",
    TITLE="In Search of an Understandable Consensus Algorithm",
    JOURNAL="",
    YEAR="2014",
}
@ARTICLE{ARTICLE:3,
    AUTHOR="Christopher Copeland and Hongxia Zhong",
    TITLE="Tangaroa: a Byzantine Fault Tolerant Raft",
    JOURNAL="",
    YEAR="2016",
}